<?xml version='1.0' encoding='UTF-8'?>
<record xmlns="http://www.loc.gov/MARC21/slim">
  <leader>01206cam a2200265 a 4500</leader>
  <controlfield tag="001">614528</controlfield>
  <controlfield tag="003">NjP</controlfield>
  <controlfield tag="005">20170905103320.0</controlfield>
  <controlfield tag="008">901130s1990    ir a     b    00010 ara d</controlfield>
  <datafield tag="024" ind1="7" ind2=" ">
    <subfield code="a">princeton_aco002092</subfield>
    <subfield code="2">local</subfield>
  </datafield>
  <datafield ind1=" " ind2=" " tag="035">
    <subfield code="a">(OCoLC)30475803</subfield>
  </datafield>
  <datafield ind1=" " ind2=" " tag="035">
    <subfield code="a">(CStRLIN)NJPG90-B53966</subfield>
  </datafield>
  <datafield ind1=" " ind2=" " tag="035">
    <subfield code="9">ACV0643TS</subfield>
  </datafield>
  <datafield ind1=" " ind2=" " tag="035">
    <subfield code="a">614528</subfield>
  </datafield>
  <datafield ind1=" " ind2=" " tag="040">
    <subfield code="a">NjP</subfield>
    <subfield code="c">NjP</subfield>
  </datafield>
  <datafield ind1="1" ind2=" " tag="100">
    <subfield code="a">Mufīd, Muḥammad ibn Muḥammad,</subfield>
    <subfield code="d">-1022.</subfield>
    <subfield code="0">http://id.loc.gov/authorities/names/n80072488</subfield>
  </datafield>
  <datafield ind1="1" ind2="3" tag="245">
    <subfield code="a">al-Muqniʻah /</subfield>
    <subfield code="c">taʾlīf Fakhr al-Shīʻah Abī ʻAbd Allāh Muḥammad ibn Muḥammad ibn al-Nuʻmān al-ʻUkbarī al-Baghdādī al-mulaqqab bi-al-Shaykh al-Mufīd.</subfield>
  </datafield>
  <datafield ind1=" " ind2=" " tag="250">
    <subfield code="a">al-Ṭabʻah 2.</subfield>
  </datafield>
  <datafield ind1=" " ind2=" " tag="260">
    <subfield code="a">Qum :</subfield>
    <subfield code="b">Muʾassasat al-Nashr al-Islāmī,</subfield>
    <subfield code="c">1410 [1990].</subfield>
  </datafield>
  <datafield ind1=" " ind2=" " tag="300">
    <subfield code="a">868 p. :</subfield>
    <subfield code="b">facsims. ;</subfield>
    <subfield code="c">24 cm.</subfield>
  </datafield>
  <datafield ind1=" " ind2=" " tag="504">
    <subfield code="a">Includes bibliographical references.</subfield>
  </datafield>
  <datafield ind1=" " ind2="0" tag="650">
    <subfield code="a">Islamic law</subfield>
    <subfield code="x">Early works to 1800.</subfield>
    <subfield code="0">http://id.loc.gov/authorities/subjects/sh2008104963</subfield>
  </datafield>
  <datafield ind1=" " ind2="0" tag="650">
    <subfield code="a">Shīʻah</subfield>
    <subfield code="x">Early works to 1800.</subfield>
    <subfield code="0">http://id.loc.gov/authorities/subjects/sh2008111617</subfield>
  </datafield>
  <datafield ind1=" " ind2=" " tag="998">
    <subfield code="a">11/30/90</subfield>
    <subfield code="s">9114</subfield>
    <subfield code="n">NjP</subfield>
    <subfield code="w">NJPG90B53966</subfield>
    <subfield code="d">11/30/90</subfield>
    <subfield code="c">JAB</subfield>
    <subfield code="b">JAB</subfield>
    <subfield code="i">901130</subfield>
    <subfield code="l">NJPG</subfield>
  </datafield>
  <datafield ind1=" " ind2=" " tag="911">
    <subfield code="a">19921028</subfield>
  </datafield>
  <datafield ind1=" " ind2=" " tag="912">
    <subfield code="a">19910104000000.0</subfield>
  </datafield>
  <datafield ind1="0" ind2="0" tag="852">
    <subfield code="0">673854</subfield>
    <subfield code="b">nec</subfield>
    <subfield code="t">1</subfield>
    <subfield code="h">KBP370.M83</subfield>
    <subfield code="i">A368 1990</subfield>
  </datafield>
  <datafield ind1=" " ind2=" " tag="959">
    <subfield code="a">2000-06-13 00:00:00 -0400</subfield>
  </datafield>
</record>
